@article{Asadullah-2008,
	Author = {M. Asadullah and M. Anisur Rahman and M. Mohsin Ali and M. Abdul Motin and M. Borhanus Sultan and M. Robiul Alam and M. Sahedur Rahman},
	Date-Added = {2019-11-14 12:11:20 -0500},
	Date-Modified = {2019-11-14 13:25:22 -0500},
	Journal = {Bioresource Technology},
	Keywords = {fluidized bed, bio oil},
	Pages = {44-50},
	Read = {1},
	Title = {Jute stick pyrolysis for bio-oil production in fluidized bed reactor},
	Volume = {99},
	Year = {2008},
}

@article{Bridgwater-1999,
	Author = {A.V. Bridgwater},
	Date-Added = {2019-11-14 12:15:20 -0500},
	Date-Modified = {2019-11-14 12:49:12 -0500},
	Journal = {Journal of Analytical and Applied Pyrolysis},
	Keywords = {review},
	Pages = {3-22},
	Read = {1},
	Title = {Principles and practice of biomass fast pyrolysis processes for liquids},
	Volume = {51},
	Year = {1999},
}

@article{Bridgwater-2018a,
	Author = {Tony Bridgwater},
	Date-Added = {2019-02-10 13:23:28 -0500},
	Date-Modified = {2019-11-13 12:56:32 -0500},
	Journal = {Johnson Matthey Technology Review},
	Keywords = {review},
	Number = {1},
	Pages = {118-130},
	Read = {1},
	Title = {Challenges and Opportunities in Fast Pyrolysis of Biomass: Part I},
	Volume = {62},
	Year = {2018},
}

@article{Howe-2015,
	Author = {Daniel Howe and Tyler Westover and Daniel Carpenter and Daniel Santosa and Rachel Emerson and Steve Deutch and Anne Starace and Igor Kutnyakov and Craig Lukins},
	Journal = {Energy \& Fuels},
	Keywords = {nrel},
	Pages = {3188-3197},
	Title = {Field-to-Fuel Performance Testing of Lignocellulosic Feedstocks: An Integrated Study of the Fast Pyrolysis-Hydrotreating Pathway},
	Volume = {29},
    Year = {2015},
}

@article{Mante-2012,
	Author = {Ofei D. Mante and F.A. Agblevor and S.T. Oyama and R. McClung},
	Date-Added = {2019-11-05 09:42:20 -0500},
	Date-Modified = {2019-11-05 14:20:51 -0500},
	Journal = {Bioresource Technology},
	Keywords = {fluidized bed, gas effects, catalytic pyrolysis},
	Pages = {482-490},
	Read = {1},
	Title = {The influence of recycling non-condensable gases in the fractional catalytic pyrolysis of biomass},
	Volume = {111},
	Year = {2012},
}

@article{Mellin-2014,
	Author = {Pelle Mellin and Efthymios Kantarelis and Weihong Yang},
	Date-Added = {2019-03-19 23:13:01 -0400},
	Date-Modified = {2019-11-18 14:01:55 -0500},
	Journal = {Fuel},
	Keywords = {fluidized bed, cfd},
	Pages = {704-715},
	Read = {1},
	Title = {Computational fluid dynamics modeling of biomass fast pyrolysis in a fluidized bed reactor, using a comprehensive chemistry scheme},
	Volume = {117},
	Year = {2014},
}

@article{Mohan-2006,
	Author = {Dinesh Mohan and Charles U. Pittman and Philip H. Steele},
	Date-Added = {2019-11-12 12:36:59 -0500},
	Date-Modified = {2019-11-13 17:25:38 -0500},
	Journal = {Energy \& Fuels},
	Keywords = {review},
	Pages = {848-889},
	Read = {1},
	Title = {Pyrolysis of Wood/Biomass for Bio-oil: A Critical Review},
	Volume = {20},
	Year = {2006},
}

@article{Mullen-2013,
	Author = {Charles A. Mullen and Akwasi A. Boateng and Neil M. Goldberg},
	Date-Added = {2018-12-03 10:51:13 -0500},
	Date-Modified = {2019-11-04 16:32:43 -0500},
	Journal = {Energy \& Fuels},
	Keywords = {fluidized bed, catalytic pyrolysis, gas effects},
	Number = {7},
	Pages = {3867-3874},
	Read = {1},
	Title = {Production of Deoxygenated Biomass Fast Pyrolysis Oils via Product Gas Recycling},
	Volume = {27},
	Year = {2013},
}

@article{Papadikis-2010,
	Author = {K. Papadikis and S. Gu and A.V. Bridgwater},
	Date-Added = {2019-11-18 12:54:49 -0500},
	Date-Modified = {2019-11-18 13:13:45 -0500},
	Journal = {Fuel Processing Technology},
	Keywords = {fluidized bed},
	Pages = {68-79},
	Read = {1},
	Title = {Computational modelling of the impact of particle size to the heat transfer coefficient between biomass particles and a fluidised bed},
	Volume = {91},
	Year = {2010},
}

@article{Trendewicz-2015,
	Author = {Anna Trendewicz and Robert Evans and Abhijit Dutta and Robert Sykes and Daniel Carpenter and Robert Braun},
	Date-Added = {2019-02-05 11:02:42 -0500},
	Date-Modified = {2019-02-13 13:54:36 -0500},
	Journal = {Biomass and Bioenergy},
	Keywords = {nrel, pyrolysis kinetics},
	Pages = {15-25},
	Title = {Evaluating the effect of potassium on cellulose pyrolysis reaction kinetics},
	Volume = {74},
	Year = {2015},
}

@article{Zhang-2011,
	Author = {Huiyan Zhang and Rui Xiao and Denghui Wang and Guangying He and Shanshan Shao and Jubing Zhang and Zhaoping Zhong},
	Date-Added = {2019-11-04 16:29:48 -0500},
	Date-Modified = {2019-11-04 16:32:22 -0500},
	Journal = {Bioresource Technology},
	Keywords = {fluidized bed, gas effects},
	Pages = {4258-4264},
	Read = {1},
	Title = {Biomass fast pyrolysis in a fluidized bed reactor under N2, CO2, CO, CH4 and H2 atmospheres},
	Volume = {102},
	Year = {2011},
}
